<?xml version="1.0" encoding="UTF-8"?><collection xmlns="http://www.loc.gov/MARC21/slim"><record><leader>00545nam--2200169-u-4500</leader><controlfield tag="001">000056711</controlfield><controlfield tag="002">20161230</controlfield><controlfield tag="005">20161230201052</controlfield><controlfield tag="008">160418s1000------------r-----000-0-eng-d</controlfield><datafield ind1=" " ind2=" " tag="040"><subfield code="a">IFIN-HH</subfield></datafield><datafield ind1="1" ind2=" " tag="100"><subfield code="a">Adam, Gh</subfield></datafield><datafield ind1="1" ind2="0" tag="245"><subfield code="a">MMCP 2015. Mathematical Modeling and Computational Physics. Proceedings. Stara Lesna, Slovakia, July 13-17, 2015</subfield><subfield code="c">Gh. Adam, J. Busa, M. Hnatic (eds.)</subfield></datafield><datafield ind1=" " ind2=" " tag="260"><subfield code="a">Paris</subfield><subfield code="b">EDP Sciences</subfield><subfield code="c">2016</subfield></datafield><datafield ind1=" " ind2=" " tag="300"><subfield code="a">/pag. dif.</subfield></datafield><datafield ind1=" " ind2=" " tag="490"><subfield code="a">The European Physical Journal vol. 108-2016</subfield></datafield><datafield ind1="1" ind2=" " tag="700"><subfield code="a">Hnatic, M</subfield><subfield code="e">ed</subfield></datafield><datafield ind1=" " ind2=" " tag="852"><subfield code="a">82437</subfield></datafield></record></collection>